 @misc{ wiki:001,
   author = "Wikipedia",
   title = "Agner Krarup Erlang --- Wikipedia{,} The Free Encyclopedia",
   year = "2015",
   url = "\url{https://en.wikipedia.org/w/index.php?title=Agner_Krarup_Erlang&oldid=689193288}",
   note = "[Online; accessed 30-April-2016]"
 }
 
 @book{northrup2011american,
  title={The American Economy: A Historical Encyclopedia},
  author={Northrup, C.C. et al},
  number={v. 1},
  isbn={9781598844610},
  lccn={2010024504},
  series={The American Economy: A Historical Encyclopedia},
  url={https://books.google.com.br/books?id=H2Xg9jZcFhMC},
  year={2011},
  publisher={ABC-CLIO}
}

 @misc{ wiki:002,
   author = "Wikipedia",
   title = "Bell Labs --- Wikipedia{,} The Free Encyclopedia",
   year = "2016",
   url = "\url{https://en.wikipedia.org/w/index.php?title=Bell_Labs&oldid=716233278}",
   note = "[Online; accessed 30-April-2016]"
 }
 
 @book{bose2013introduction,
  title={An Introduction to Queueing Systems},
  author={Bose, S.K.},
  isbn={9781461500018},
  url={https://books.google.com.br/books?id=Yv7SBwAAQBAJ},
  year={2013},
  publisher={Springer US}
}


@book{ross2013simulation,
  title={Simulation},
  author={Ross, S.M.},
  isbn={9780124158252},
  lccn={2012027466},
  url={https://books.google.com.br/books?id=1Dwsyyty3P8C},
  year={2013},
  publisher={Academic Press}
}

